@ARTICLE{John, author={John D Rodriguez, Keith J Lane, George W Ousler, Endri Angjeli, Lisa M Smith, Mark B Abelson.},  title={Blink: Characteristics, Controls, and Relation to Dry Eyes.},  journal={Current Eye Research},
}
@inproceedings{Ahmad2015DrowsyDI,
	title={Drowsy Driver Identification Using Eye Blink detection},
	author={Mr. Raees Ahmad and Prof. J. N. Borole},
	year={2015}
}
@article{article,
	author = {Veeramosu, Priyanka and Padma Sai, Y. and Prasad, M},
	year = {2017},
	month = {11},
	pages = {901-907},
	title = {Implementation and Analysis of an Electrooculography (EOG) Signal on FPGA},
	volume = {Volume 5 , ISSN No.: 2348 – 8190},
	journal = {INTERNATIONAL JOURNAL OF ADVANCED RESEARCH IN ENGINEERING & TECHNOLOGY}
}

@ARTICLE{author={Mingyang, LuWuliang Yin, Yuedong Xie, Zhigang Qu, Hanyang Xu, Shuang Zhu, Jiawei Tang, Liming Chen, Qiaoye Ran, Yining Zhang},  title={Novel Wearable Sensors for Biomechanical Movement Monitoring Based on Electromagnetic Sensing Techniques},  journal={IEEE Sensors Journal},year={2019}
}

@ARTICLE{author={Frigerio A, Hadlock TA, Murray EH, Heaton JT},  title={Infrared-based blink-detecting glasses for facial pacing: toward a bionic blink. JAMA Facial Plast Surg.},year={2014}
}

@ARTICLE{9302890,
	author={Lin, Chin-Teng and Do, Tien-Thong Nguyen},
	journal={IEEE Transactions on Systems, Man, and Cybernetics: Systems}, 
	title={Direct-Sense Brain–Computer Interfaces and Wearable Computers}, 
	year={2021},
	volume={51},
	number={1},
	pages={298-312},
	doi={10.1109/TSMC.2020.3041382}}